<marcxml:record xmlns:marcxml="http://www.loc.gov/MARC21/slim" xmlns:idx="info:lc/xq-modules/lcindex" xmlns:madsrdf="http://www.loc.gov/mads/rdf/v1#" xmlns:ri="http://id.loc.gov/ontologies/RecordInfo#" xmlns:xlink="http://www.w3.org/1999/xlink" xmlns:rdf="http://www.w3.org/1999/02/22-rdf-syntax-ns#" xmlns:mets="http://www.loc.gov/METS/" xmlns:semtriples="http://marklogic.com/semantic" xmlns:xsi="http://www.w3.org/2001/XMLSchema-instance" xmlns:streams="info:lc/streams#">
            <marcxml:leader>02057cz  a2200313n  4500</marcxml:leader>
            <marcxml:controlfield tag="001">n79059167</marcxml:controlfield>
            <marcxml:controlfield tag="003">DLC</marcxml:controlfield>
            <marcxml:controlfield tag="005">20170803073809.0</marcxml:controlfield>
            <marcxml:controlfield tag="008">800528n| azannaabn          |a aaa      </marcxml:controlfield>
            <marcxml:datafield tag="010" ind1=" " ind2=" ">
              <marcxml:subfield code="a">n  79059167 </marcxml:subfield>
            </marcxml:datafield>
            <marcxml:datafield tag="035" ind1=" " ind2=" ">
              <marcxml:subfield code="a">(OCoLC)oca00292214</marcxml:subfield>
            </marcxml:datafield>
            <marcxml:datafield tag="040" ind1=" " ind2=" ">
              <marcxml:subfield code="a">DLC</marcxml:subfield>
              <marcxml:subfield code="b">eng</marcxml:subfield>
              <marcxml:subfield code="e">rda</marcxml:subfield>
              <marcxml:subfield code="c">DLC</marcxml:subfield>
              <marcxml:subfield code="d">Uk</marcxml:subfield>
              <marcxml:subfield code="d">DLC</marcxml:subfield>
              <marcxml:subfield code="d">UPB</marcxml:subfield>
            </marcxml:datafield>
            <marcxml:datafield tag="046" ind1=" " ind2=" ">
              <marcxml:subfield code="f">1937-11-03</marcxml:subfield>
              <marcxml:subfield code="2">edtf</marcxml:subfield>
            </marcxml:datafield>
            <marcxml:datafield tag="100" ind1="1" ind2=" ">
              <marcxml:subfield code="a">Carandini, Andrea</marcxml:subfield>
            </marcxml:datafield>
            <marcxml:datafield tag="370" ind1=" " ind2=" ">
              <marcxml:subfield code="a">Rome (italy)</marcxml:subfield>
              <marcxml:subfield code="2">naf</marcxml:subfield>
            </marcxml:datafield>
            <marcxml:datafield tag="372" ind1=" " ind2=" ">
              <marcxml:subfield code="a">Archaeology</marcxml:subfield>
              <marcxml:subfield code="2">lcsh</marcxml:subfield>
            </marcxml:datafield>
            <marcxml:datafield tag="373" ind1=" " ind2=" ">
              <marcxml:subfield code="a">Università degli studi di Roma "La Sapienza"</marcxml:subfield>
              <marcxml:subfield code="2">naf</marcxml:subfield>
            </marcxml:datafield>
            <marcxml:datafield tag="374" ind1=" " ind2=" ">
              <marcxml:subfield code="a">College teachers</marcxml:subfield>
              <marcxml:subfield code="2">lcsh</marcxml:subfield>
            </marcxml:datafield>
            <marcxml:datafield tag="375" ind1=" " ind2=" ">
              <marcxml:subfield code="a">Males</marcxml:subfield>
              <marcxml:subfield code="2">lcdgt</marcxml:subfield>
            </marcxml:datafield>
            <marcxml:datafield tag="377" ind1=" " ind2=" ">
              <marcxml:subfield code="a">ita</marcxml:subfield>
            </marcxml:datafield>
            <marcxml:datafield tag="400" ind1="1" ind2=" ">
              <marcxml:subfield code="a">Carandini, A.</marcxml:subfield>
              <marcxml:subfield code="q">(Andrea)</marcxml:subfield>
            </marcxml:datafield>
            <marcxml:datafield tag="510" ind1="2" ind2=" ">
              <marcxml:subfield code="w">r</marcxml:subfield>
              <marcxml:subfield code="i">Employer:</marcxml:subfield>
              <marcxml:subfield code="a">Università degli studi di Roma "La Sapienza"</marcxml:subfield>
            </marcxml:datafield>
            <marcxml:datafield tag="670" ind1=" " ind2=" ">
              <marcxml:subfield code="a">His Ricerche sullo stile e la cronologia dei mosaici della villa ... 1964</marcxml:subfield>
            </marcxml:datafield>
            <marcxml:datafield tag="670" ind1=" " ind2=" ">
              <marcxml:subfield code="a">Ostia IV, c1977:</marcxml:subfield>
              <marcxml:subfield code="b">p. opposite t.p. (A. Carandini)</marcxml:subfield>
            </marcxml:datafield>
            <marcxml:datafield tag="670" ind1=" " ind2=" ">
              <marcxml:subfield code="a">Giornale di scavo, c2000:</marcxml:subfield>
              <marcxml:subfield code="b">t.p. (Andrea Carandini) p. 4 of cover (b. 1937 in Rome)</marcxml:subfield>
            </marcxml:datafield>
            <marcxml:datafield tag="670" ind1=" " ind2=" ">
              <marcxml:subfield code="a">The atlas of ancient Rome, 2017:</marcxml:subfield>
              <marcxml:subfield code="b">title page (edited by Andrea Carandini with Paolo Carafa; translated by Andrew Campbell Halavais)</marcxml:subfield>
            </marcxml:datafield>
            <marcxml:datafield tag="670" ind1=" " ind2=" ">
              <marcxml:subfield code="a">Wikipedia, 1 August 2017</marcxml:subfield>
              <marcxml:subfield code="b">(Andrea Carandini; Count Andrea Carandin (born 3 November 1937 in Rome, Italy) is an Italian professor of archaeology specialising in ancient Rome; he has been a member of the faculty of the University of Rome La Sapienza since 1963; his research is focused on the topography of ancient Rome, Etruria in the Roman period, and the analysis of monumental complexes in various cities in Italy including Volterra, Grumentum, Pompeii, and Veii; since 1993 he has coordinated a project in Rome's suburbium and the Tiber valley in conjunction with the Soprintendenza Archeologica and the Sovrintendenza Comunale di Roma; he continues to direct the excavations of the north slope of the Palatine Hill in Rome where important discoveries relating to the earliest city of Rome have been made, including the discovery of the famous Palatine wall in 1988; Carandini is the third cousin of actor Christopher Lee)</marcxml:subfield>
            </marcxml:datafield>
          </marcxml:record>
